@manual{INA125,
    organization  	= {Burr-Brown (Texas Instruments)},
    title        	= {Instrumentation {Amplifier} with {Precision} {Voltage} {Reference}},
	language 	  	= {en},
	pages 			= {18},
    year          	= {1998},
    month         	= {2},    
}

@manual{ATmega2560,
    organization  	= {Atmel},
    title        	= {Atmel ATmega{640/V}-{1280/V}-{1281/V}-{2560/V}-{2561/V}},
	language 	  	= {en},
	pages 			= {435},
    year          	= {2014},
    month         	= {2},    
}

@manual{DS-MP40,
    organization  	= {Sartorius},
    title        	= {{MP 40} {Low Profile Single Point Load Cell}},
	language 	  	= {en},
	pages 			= {2},
    year          	= {2005},
    month         	= {4},    
	url				= {http://www.lesyco.com/DS/DS-MP40-e.pdf}
}

@manual{rspro,
    organization  	= {RS Pro},
    title        	= {{RS Pro} 12 Key Keypad},
	language 	  	= {en},   
	url				= {https://uk.rs-online.com/web/p/keypads/0333697/}
}

@manual{TJC,
	title        	= {{SPECIFICATIONS} {MODEL NO. TJC-9341-032}},
	language 	  	= {en},
	pages 			= {20},
	year          	= {2015},
	month         	= {5},    
	url				= {https://www.itead.cc/wiki/images/9/9f/TJC-9341-032_Display_Specifications_Book.pdf}
}

@manual{ILI9413,
	organization  	= {ILI TECHNOLOGY CORP},
	title        	= {a-Si TFT LCD Single Chip Driver
	240RGBx320 Resolution and 262K color},
	language 	  	= {en},
	pages 			= {240},
	year          	= {2005},
	month         	= {4},    
	url				= {https://www.displaytech-us.com/sites/default/files/driver-ic-data-sheet/Ilitek-ILI9341.pdf}
}

@online{UTFT,
	author 			= {Henning Karlsen},
	title 			= {Make font file},
	url 				= {http://www.rinkydinkelectronics.com/r_fonts.php},
	urldate 			= {2018-05-25},
}

@online{UTFTLIB,
	author 			= {Henning Karlsen},
	title 			= {Make font file},
	url 				= {http://www.rinkydinkelectronics.com/library.php?id=51},
	urldate 			= {2018-05-25},
}


@online{EEPROM,
	author 			= {Dean Camera},
	title 			= {Using the {EEPROM} in {AVR GCC}},
	url 				= {http://www.fourwalledcubicle.com/AVRArticles.php},
	urldate 			= {2018-05-26},
}

@online{progmem,
	author 			= {Dean Camera},
	title 			= {AVR GCC and the prog mem attribute},
	url 				= {http://www.fourwalledcubicle.com/AVRArticles.php},
	urldate 			= {2018-05-28},
}

@online{keypad,
	title 			= {Phone key pads},
	url 				= {http://www.dialabc.com/motion/keypads.html},
	urldate 			= {2018-05-26},
}

@online{matrixkeypad,
	title 			= {4x3 Matrix Keypad Interface},
	url 			= {http://extremeelectronics.co.in/avr-tutorials/4x3-matrix-keypad-interface-avr-tutorial/},
	urldate 		= {2018-05-26},
}